3134 4950
148 2288 411 2374 gravissimorum
440 2287 568 2354 divinae
590 2288 734 2354 veritatis
758 2297 832 2354 aute
863 2288 1121 2354 reformationem
1142 2299 1347 2356 assertorum.

150 2423 223 2505 Quo
251 2443 385 2488 munere
414 2422 522 2506 simul,
553 2420 625 2488 Viri
654 2445 776 2489 summe
805 2421 991 2505 reverendi,
1023 2443 1135 2489 sacrae
1168 2423 1346 2509 scripturae

147 2564 369 2645 praeceptum,
397 2577 438 2621 ne
460 2554 688 2622 obliviscamur
717 2578 828 2621 eorum
849 2577 870 2621 a
891 2554 1007 2643 quibus
1035 2553 1168 2621 verbum
1190 2554 1244 2621 dei
1265 2554 1347 2621 didi·

150 2690 303 2773 cerimus,
325 2689 432 2777 aliqua
455 2712 495 2754 ex
517 2699 608 2776 parte
631 2691 766 2776 exsequi
787 2689 864 2754 mihi
885 2689 1014 2772 videor,
1037 2690 1093 2775 qui
1113 2690 1255 2773 ingenue
1276 2710 1348 2777 pre-

148 2822 242 2889 fitcor
264 2845 361 2911 quum
383 2822 515 2889 aliorum
536 2832 602 2889 tum
625 2824 750 2891 Vestris
772 2846 815 2889 ex
838 2822 930 2889 libris
952 2823 988 2915 in?
1007 2823 1112 2888 lucem
1133 2821 1229 2888 editis
1250 2824 1348 2890 multa

149 2978 201 3022 me
229 2958 415 3045 percepisse
443 2980 526 3045 quae
556 2957 598 3024 ad
621 2980 732 3025 verum
755 2956 1017 3043 cognoscendum
1044 2956 1281 3046 visendumque
1303 2959 1348 3024 in-

151 3090 300 3158 serviant.
344 3090 446 3156 Sinite
462 3112 541 3176 ergo
557 3112 679 3177 quaeso
701 3112 807 3156 meam
822 3112 950 3177 quoque
971 3110 1085 3155 vocem
1099 3088 1197 3157 choro
1212 3091 1349 3158 Vestrae

150 3220 336 3288 academiae
363 3244 456 3287 saera
483 3221 743 3289 semisaecularia
773 3221 974 3289 celebraturo
1000 3222 1146 3290 misceri:
1178 3223 1264 3290 nulla
1294 3247 1348 3289 un-

151 3375 246 3442 quam
274 3353 392 3421 oblivio
416 3356 525 3424 Vestri
552 3358 585 3422 in
614 3378 665 3422 me
695 3356 847 3422 beneficii
874 3358 1059 3421 memoriam
1088 3355 1216 3423 delebit
1258 3358 1348 3424 Deus

150 3496 257 3554 autem
280 3490 417 3576 optimus
440 3490 595 3559 maximus
609 3491 749 3568 ‚adiuvet
775 3493 937 3577 inceptum
959 3512 1064 3555 meum
1086 3499 1182 3578 atque
1204 3490 1238 3555 in
1259 3512 1347 3555 suam

150 3622 285 3709 gloriam
313 3631 416 3690 vertat
437 3623 605 3712 Vobisque
635 3624 782 3691 omnibus
804 3634 837 3690 et
857 3623 987 3691 scholae
1009 3624 1146 3690 Vestrae
1174 3622 1349 3691 litterariae

149 3756 183 3821 in
204 3764 403 3845 perpetuum,
424 3758 478 3845 pie
499 3780 626 3847 precor,
650 3760 691 3826 sit
710 3760 879 3847 propitius.
922 3758 1047 3825 Valete.
1124 3816 1127 3820 .
