3134 4950
430 1023 711 1164 Editoris
755 1023 1079 1199 praefatio.

654 1298 854 1307 ——.-———

654 1313 854 1321 ——--

237 1417 417 1604 suspirii
443 1539 559 1584 nomen
589 1519 705 1587 clarius
732 1518 818 1584 lucet
847 1539 941 1606 quam
964 1519 1006 1584 de
1029 1541 1092 1605 quo
1118 1517 1217 1584 multa
1238 1516 1352 1582 disseri

154 1627 309 1705 oporteat.
353 1618 480 1703 Singuli
504 1619 633 1706 quidem
664 1621 732 1684 eius
754 1618 829 1685 libri
850 1621 914 1685 iam
935 1619 1073 1685 antehac
1098 1617 1268 1704 aliquoties
1290 1616 1352 1682 ool·

154 1716 232 1794 lecti
253 1725 342 1801 sunt,
370 1717 427 1782 sed
450 1712 611 1806 nunquam
639 1719 746 1784 adhuc
769 1720 875 1785 omnia
904 1742 988 1806 quae
1011 1729 1139 1784 exstant
1160 1741 1258 1805 opera
1279 1739 1353 1783 con·

154 1819 262 1882 iuncta
297 1820 329 1882 in
362 1817 466 1883 lucem
503 1817 704 1904 prodierunt.
767 1819 807 1884 Id
839 1818 1096 1884 considerantem
1128 1840 1179 1882 me
1211 1817 1353 1882 debitum

155 1915 315 1982 ecclesiae
332 1918 541 2004 evangelicae
564 1916 752 2004 persolvere
775 1916 938 2003 putabam,
960 1919 986 1981 si
1009 1916 1093 1982 illius
1113 1916 1175 1982 viri
1198 1925 1354 2003 quotquot

153 2019 299 2104 reperire
321 2040 448 2105 possem
472 2020 593 2105 scripta
615 2017 755 2103 ederem,
778 2028 811 2083 et
833 2018 918 2100 (Deo
937 2017 1087 2104 gratiasl)
1108 2014 1187 2082 mihi
1210 2017 1353 2102 contigit,

153 2127 187 2182 ut
217 2119 367 2203 opinione
398 2117 489 2202 plura
512 2119 698 2184 invenirem.
743 2118 815 2182 Non
838 2119 922 2182 enim
951 2116 1075 2182 libellos
1097 2115 1199 2181 solum
1223 2115 1353 2201 abipso

153 2227 284 2282 auctore
314 2218 449 2304 eiusque
478 2217 666 2305 aequalibus
696 2219 781 2304 typis
810 2217 942 2281 traditos
966 2215 1135 2302 descripsi,
1165 2237 1227 2301 qua
1256 2216 1289 2278 in
1317 2235 1353 2278 rc

153 2315 285 2380 multum
300 2317 484 2382 amicissimi
498 2319 562 2380 mei
578 2315 735 2382 Ottonis
751 2314 934 2402 Zippelii
949 2337 1050 2401 opera
1071 2314 1197 2379 adiutus
1217 2313 1272 2397 fui,
1296 2312 1354 2378 sed

153 2417 247 2481 etiam
270 2437 311 2481 cx
334 2415 497 2483 codicibus
519 2417 754 2503 manuscriptis
777 2437 862 2502 quae
884 2413 1024 2481 nondum
1046 2413 1249 2501 promulgata
1262 2422 1355 2479 erant

153 2515 281 2584 haurire
304 2516 378 2581 mihi
400 2516 500 2583 licuit:
519 2516 544 2599 1)
566 2516 651 2583 unde
673 2540 792 2603 magna
813 2539 864 2581 me
887 2538 961 2603 spes
983 2525 1080 2597 tenet,
1101 2516 1252 2581 historias
1274 2514 1355 2581 litte·

154 2617 258 2681 rariae
274 2624 305 2681 et
322 2616 558 2681 ecclesiastieae
574 2617 753 2683 amantibus
777 2639 891 2681 munus
913 2637 1018 2679 meum
1042 2615 1356 2703 quantulumcunque

155 2736 219 2779 non
242 2716 401 2801 ingratum
423 2716 503 2783 fore.
546 2716 611 2783 Sed
639 2717 812 2783 fecerimus
839 2736 958 2801 operae
980 2716 1132 2801 pretium,
1159 2714 1213 2779 alii
1235 2716 1354 2781 iudica-

154 2814 247 2882 bunt:
269 2839 374 2881 meum
398 2826 467 2881 erat
488 2839 571 2903 quae
593 2816 754 2883 habebam
769 2837 893 2880 summa
906 2814 1064 2899 religione
1086 2814 1234 2880 reddere.
1274 2816 1356 2881 Sunt

154 2925 260 2980 autern
282 2917 396 3002 partim
415 2916 609 2982 Germanice
631 2918 746 3003 partim
769 2917 885 2982 Latine
909 2915 1069 2979 confecta:
1093 2913 1301 3000 quamobrem
1322 2916 1354 2980 in

155 3014 219 3079 duo
242 3014 390 3081 distribui
412 3017 587 3099 volumina,
619 3039 754 3103 quorum
777 3016 913 3081 alterum
936 3016 1052 3101 scripta
1076 3014 1284 3098 Germanica,
1311 3014 1355 3081 al·

155 3124 257 3179 terum
281 3137 363 3202 quae
386 3117 510 3182 Latinis
537 3117 649 3181 litteris
679 3116 831 3182 mandata
858 3126 931 3181 sunt
960 3115 1192 3202 complectitur,
1221 3124 1253 3181 et
1282 3138 1354 3182 eum

156 3214 287 3299 quidem
311 3214 456 3281 (ordinem
480 3216 627 3300 adhibui,
655 3223 689 3281 ut
709 3215 779 3280 libri
802 3217 865 3281 iam
888 3226 983 3281 antea
1003 3217 1113 3281 formis
1137 3217 1248 3281 excusi
1270 3238 1356 3282 nova

156 3335 263 3399 neque
288 3312 363 3379 dum
386 3317 515 3401 cognita
530 3316 702 3402 excipiant,
725 3315 858 3402 singulis
880 3324 986 3380 autem
1009 3315 1134 3403 scriptis
1156 3316 1354 3402 prooemium

157 3413 343 3478 historicum
367 3424 399 3479 et
420 3414 607 3481 litterarium
629 3426 831 3501 praecurrat.
874 3416 911 3480 In
934 3424 1024 3481 textu
1047 3416 1268 3481 constituendo
1290 3415 1356 3501 ple-

154 3535 289 3601 rumque
312 3514 403 3599 leges
425 3536 445 3578 a
466 3517 535 3580 viro
553 3514 728 3580 clarissimo
744 3516 802 3581 Dr.
818 3516 996 3602 Bocking
1017 3517 1050 3580 in
1073 3516 1207 3581 Hutteni
1222 3538 1355 3603 operum

155 3611 296 3678 editione
326 3612 516 3704 observatas
547 3626 676 3682 secutus
706 3637 829 3681 summa
858 3637 937 3680 cura
963 3638 1002 3681 ac
1032 3616 1198 3702 diligentia
1220 3617 1291 3681 cavi
1313 3638 1354 3681 no

154 3734 290 3799 usquam
320 3713 362 3779 ab
385 3716 613 3802 antiquissimis
637 3718 829 3803 optimisque
851 3715 992 3782 fontibus
1013 3726 1133 3783 temere
1154 3716 1354 3783 recederem.

225 4017 242 4083 ¹)
260 4012 408 4068 Maximam
426 4012 558 4068 librorum
576 4012 809 4083 Staupitianorum
826 4017 935 4085 partem
951 4014 980 4068 in
997 4014 1163 4070 bibliotheca
1179 4014 1254 4085 regia
1271 4016 1354 4069 Bero-

152 4094 251 4151 linensi
274 4096 442 4167 deprehendi
465 4114 532 4167 qnos
550 4098 614 4153 inde
635 4097 702 4152 mihi
727 4098 835 4167 petenti
861 4098 918 4152 eius
940 4098 1066 4153 custodes
1088 4098 1167 4153 solita
1191 4099 1355 4154 liberaHtate

154 4180 356 4250 satisfecerunt,
379 4182 523 4237 nonnullos
541 4198 633 4236 meum
650 4182 733 4251 ipsius
750 4182 892 4236 librarium
910 4182 1046 4250 continet;
1064 4182 1172 4237 codices
1189 4198 1255 4237 vero
1272 4199 1354 4237 manu

155 4264 270 4333 scriptos
287 4264 340 4319 viri
357 4265 497 4319 clarissimi
509 4266 558 4320 Dr.
575 4266 660 4319 Beck
678 4284 711 4320 ox
723 4266 890 4321 bibliotheca
902 4265 1027 4336 Gothana
1045 4269 1074 4321 et
1089 4266 1137 4321 Dr.
1154 4266 1193 4320 de
1211 4264 1355 4335 Schedrl,

153 4348 292 4417 professor
308 4350 495 4420 Erlangcnsis,
522 4367 555 4405 ex
573 4351 682 4406 archivo
707 4350 825 4405 familiae
842 4349 1017 4407 Sohenrlinae
1040 4352 1158 4405 nuncin
1175 4350 1270 4405 Museo
1288 4350 1355 4405 Ger·

153 4432 260 4487 manico
278 4432 446 4504 Noribergae
463 4437 600 4488 asservato
619 4452 723 4488 summa
740 4434 910 4488 humanitate
927 4434 994 4487 mihi
1012 4434 1268 4489 commodaverunt:
1296 4434 1352 4503 qui·

153 4513 204 4569 bus
223 4514 348 4569 omnibus
365 4533 401 4571 ne
418 4516 525 4585 accepti
541 4516 668 4572 beneficii
685 4518 831 4573 immernor
847 4516 941 4572 videar
957 4517 1058 4572 multas
1074 4516 1254 4609 agqugrutiae.
