<?xml version="1.0" encoding="UTF-8"?>
<!DOCTYPE html PUBLIC "-//W3C//DTD XHTML 1.0 Transitional//EN"
    "http://www.w3.org/TR/xhtml1/DTD/xhtml1-transitional.dtd">
<html xmlns="http://www.w3.org/1999/xhtml" xml:lang="en" lang="en">
 <head>
  <title>
</title>
<meta http-equiv="Content-Type" content="text/html;charset=utf-8" />
  <meta name='ocr-system' content='tesseract 3.04.00' />
  <meta name='ocr-capabilities' content='ocr_page ocr_carea ocr_par ocr_line ocrx_word'/>
</head>
<body>
  <div class='ocr_page' id='page_1' title='image "./operaquaereperi00staugoog_0011.png"; bbox 0 0 3134 4950; ppageno 0'>
   <div class='ocr_carea' id='block_1_1' title="bbox 229 2221 1429 2406">
    <p class='ocr_par' dir='ltr' id='par_1_1' title="bbox 229 2221 1429 2406">
     <span class='ocr_line' id='line_1_1' title="bbox 229 2221 1429 2406; baseline 0.003 -22"><span class='ocrx_word' id='word_1_1' title='bbox 229 2221 310 2384; x_wconf 87' lang='lat' dir='ltr'>N</span> <span class='ocrx_word' id='word_1_2' title='bbox 311 2316 375 2382; x_wconf 89' lang='lat' dir='ltr'>ullo</span> <span class='ocrx_word' id='word_1_3' title='bbox 398 2317 528 2404; x_wconf 88' lang='lat' dir='ltr'>quidem</span> <span class='ocrx_word' id='word_1_4' title='bbox 549 2317 612 2383; x_wconf 90' lang='lat' dir='ltr'>alio</span> <span class='ocrx_word' id='word_1_5' title='bbox 635 2320 780 2406; x_wconf 85' lang='lat' dir='ltr'>vinculo,</span> <span class='ocrx_word' id='word_1_6' title='bbox 803 2320 874 2385; x_wconf 83' lang='lat' dir='ltr'>Viri</span> <span class='ocrx_word' id='word_1_7' title='bbox 896 2343 1019 2386; x_wconf 85' lang='lat' dir='ltr'>summe</span> <span class='ocrx_word' id='word_1_8' title='bbox 1040 2319 1227 2404; x_wconf 85' lang='lat' dir='ltr'>reverendi,</span> <span class='ocrx_word' id='word_1_9' title='bbox 1252 2320 1429 2388; x_wconf 80' lang='lat' dir='ltr'>Vobiscum</span> 
     </span>
    </p>
   </div>
   <div class='ocr_carea' id='block_1_2' title="bbox 230 2451 1435 4013">
    <p class='ocr_par' dir='ltr' id='par_1_2' title="bbox 230 2451 1435 4013">
     <span class='ocr_line' id='line_1_2' title="bbox 230 2451 1430 2539; baseline 0.003 -22"><span class='ocrx_word' id='word_1_10' title='bbox 230 2451 418 2517; x_wconf 87' lang='lat' dir='ltr'>coniunctus</span> <span class='ocrx_word' id='word_1_11' title='bbox 446 2471 541 2538; x_wconf 83' lang='lat' dir='ltr'>quam</span> <span class='ocrx_word' id='word_1_12' title='bbox 576 2452 662 2539; x_wconf 90' lang='lat' dir='ltr'>quod</span> <span class='ocrx_word' id='word_1_13' title='bbox 692 2476 859 2519; x_wconf 89' lang='lat' dir='ltr'>commune</span> <span class='ocrx_word' id='word_1_14' title='bbox 886 2454 1032 2519; x_wconf 86' lang='lat' dir='ltr'>veritatis</span> <span class='ocrx_word' id='word_1_15' title='bbox 1064 2453 1203 2520; x_wconf 89' lang='lat' dir='ltr'>studium</span> <span class='ocrx_word' id='word_1_16' title='bbox 1236 2462 1430 2521; x_wconf 78' lang='lat' dir='ltr'>connectere</span> 
     </span>
     <span class='ocr_line' id='line_1_3' title="bbox 232 2584 1431 2673; baseline 0.002 -22"><span class='ocrx_word' id='word_1_17' title='bbox 232 2584 326 2669; x_wconf 86' lang='lat' dir='ltr'>solet,</span> <span class='ocrx_word' id='word_1_18' title='bbox 355 2608 450 2673; x_wconf 91' lang='lat' dir='ltr'>quum</span> <span class='ocrx_word' id='word_1_19' title='bbox 473 2606 579 2671; x_wconf 82' lang='lat' dir='ltr'>nequa</span> <span class='ocrx_word' id='word_1_20' title='bbox 609 2587 826 2651; x_wconf 81' lang='lat' dir='ltr'>universitatis</span> <span class='ocrx_word' id='word_1_21' title='bbox 848 2587 984 2652; x_wconf 79' lang='lat' dir='ltr'>Vestrae</span> <span class='ocrx_word' id='word_1_22' title='bbox 1011 2586 1157 2652; x_wconf 82' lang='lat' dir='ltr'>alumnus</span> <span class='ocrx_word' id='word_1_23' title='bbox 1183 2588 1298 2652; x_wconf 84' lang='lat' dir='ltr'>fuerim</span> <span class='ocrx_word' id='word_1_24' title='bbox 1321 2598 1354 2654; x_wconf 91' lang='lat' dir='ltr'>et</span> <span class='ocrx_word' id='word_1_25' title='bbox 1375 2589 1431 2653; x_wconf 83' lang='lat' dir='ltr'>vix</span> 
     </span>
     <span class='ocr_line' id='line_1_4' title="bbox 230 2716 1431 2807; baseline 0.001 -22"><span class='ocrx_word' id='word_1_26' title='bbox 230 2722 285 2785; x_wconf 90' lang='lat' dir='ltr'>uui</span> <span class='ocrx_word' id='word_1_27' title='bbox 308 2742 349 2785; x_wconf 87' lang='lat' dir='ltr'>cx</span> <span class='ocrx_word' id='word_1_28' title='bbox 370 2716 473 2785; x_wconf 84' lang='lat' dir='ltr'>Vobis</span> <span class='ocrx_word' id='word_1_29' title='bbox 497 2718 537 2783; x_wconf 89' lang='lat' dir='ltr'>de</span> <span class='ocrx_word' id='word_1_30' title='bbox 559 2718 644 2784; x_wconf 84' lang='lat' dir='ltr'>facie</span> <span class='ocrx_word' id='word_1_31' title='bbox 666 2729 776 2785; x_wconf 88' lang='lat' dir='ltr'>notum</span> <span class='ocrx_word' id='word_1_32' title='bbox 799 2742 850 2783; x_wconf 89' lang='lat' dir='ltr'>me</span> <span class='ocrx_word' id='word_1_33' title='bbox 871 2729 994 2806; x_wconf 89' lang='lat' dir='ltr'>putem,</span> <span class='ocrx_word' id='word_1_34' title='bbox 1021 2742 1086 2785; x_wconf 92' lang='lat' dir='ltr'>non</span> <span class='ocrx_word' id='word_1_35' title='bbox 1107 2722 1197 2807; x_wconf 89' lang='lat' dir='ltr'>potui</span> <span class='ocrx_word' id='word_1_36' title='bbox 1218 2730 1325 2786; x_wconf 84' lang='lat' dir='ltr'>tamen</span> <span class='ocrx_word' id='word_1_37' title='bbox 1347 2718 1431 2786; x_wconf 90' lang='lat' dir='ltr'>hanc</span> 
     </span>
     <span class='ocr_line' id='line_1_5' title="bbox 230 2839 1431 2947; baseline 0.002 -30"><span class='ocrx_word' id='word_1_38' title='bbox 230 2852 366 2939; x_wconf 79' lang='lat' dir='ltr'>primam</span> <span class='ocrx_word' id='word_1_39' title='bbox 394 2839 534 2917; x_wconf 89' lang='lat' dir='ltr'>omnium</span> <span class='ocrx_word' id='word_1_40' title='bbox 562 2875 696 2947; x_wconf 84' lang='lat' dir='ltr'>operum</span> <span class='ocrx_word' id='word_1_41' title='bbox 719 2852 870 2938; x_wconf 82' lang='lat' dir='ltr'>Staupitii</span> <span class='ocrx_word' id='word_1_42' title='bbox 898 2853 1070 2918; x_wconf 83' lang='lat' dir='ltr'>editionem</span> <span class='ocrx_word' id='word_1_43' title='bbox 1095 2854 1221 2919; x_wconf 79' lang='lat' dir='ltr'>Vestris</span> <span class='ocrx_word' id='word_1_44' title='bbox 1248 2854 1431 2920; x_wconf 86' lang='lat' dir='ltr'>nominibus</span> 
     </span>
     <span class='ocr_line' id='line_1_6' title="bbox 231 2984 1431 3073; baseline 0 -21"><span class='ocrx_word' id='word_1_45' title='bbox 231 3009 295 3053; x_wconf 87' lang='lat' dir='ltr'>non</span> <span class='ocrx_word' id='word_1_46' title='bbox 317 2986 480 3055; x_wconf 87' lang='lat' dir='ltr'>dedicare.</span> <span class='ocrx_word' id='word_1_47' title='bbox 525 2984 648 3069; x_wconf 82' lang='lat' dir='ltr'>Quibus</span> <span class='ocrx_word' id='word_1_48' title='bbox 669 2987 755 3051; x_wconf 88' lang='lat' dir='ltr'>enim</span> <span class='ocrx_word' id='word_1_49' title='bbox 778 2986 891 3050; x_wconf 86' lang='lat' dir='ltr'>iustius</span> <span class='ocrx_word' id='word_1_50' title='bbox 906 2986 1037 3050; x_wconf 83' lang='lat' dir='ltr'>offeram</span> <span class='ocrx_word' id='word_1_51' title='bbox 1054 2986 1174 3072; x_wconf 87' lang='lat' dir='ltr'>scripta</span> <span class='ocrx_word' id='word_1_52' title='bbox 1194 2985 1278 3051; x_wconf 82' lang='lat' dir='ltr'>illius</span> <span class='ocrx_word' id='word_1_53' title='bbox 1299 2988 1360 3051; x_wconf 84' lang='lat' dir='ltr'>viri</span> <span class='ocrx_word' id='word_1_54' title='bbox 1376 2988 1431 3073; x_wconf 91' lang='lat' dir='ltr'>qui</span> 
     </span>
     <span class='ocr_line' id='line_1_7' title="bbox 232 3118 1430 3206; baseline -0.001 -19"><span class='ocrx_word' id='word_1_55' title='bbox 232 3120 417 3187; x_wconf 71' lang='lat' dir='ltr'>academiae</span> <span class='ocrx_word' id='word_1_56' title='bbox 439 3119 683 3206; x_wconf 86' lang='lat' dir='ltr'>Vitebergensis</span> <span class='ocrx_word' id='word_1_57' title='bbox 709 3126 825 3205; x_wconf 82' lang='lat' dir='ltr'>postea</span> <span class='ocrx_word' id='word_1_58' title='bbox 844 3139 919 3183; x_wconf 91' lang='lat' dir='ltr'>cum</span> <span class='ocrx_word' id='word_1_59' title='bbox 939 3118 1076 3184; x_wconf 86' lang='lat' dir='ltr'>Halensi</span> <span class='ocrx_word' id='word_1_60' title='bbox 1103 3119 1307 3185; x_wconf 79' lang='lat' dir='ltr'>consociatae</span> <span class='ocrx_word' id='word_1_61' title='bbox 1329 3120 1430 3187; x_wconf 84' lang='lat' dir='ltr'>facul·</span> 
     </span>
     <span class='ocr_line' id='line_1_8' title="bbox 232 3249 1432 3342; baseline -0.001 -21"><span class='ocrx_word' id='word_1_62' title='bbox 232 3254 289 3321; x_wconf 88' lang='lat' dir='ltr'>tati</span> <span class='ocrx_word' id='word_1_63' title='bbox 317 3253 517 3342; x_wconf 83' lang='lat' dir='ltr'>theologicae</span> <span class='ocrx_word' id='word_1_64' title='bbox 550 3252 669 3341; x_wconf 86' lang='lat' dir='ltr'>primus</span> <span class='ocrx_word' id='word_1_65' title='bbox 697 3249 840 3317; x_wconf 84' lang='lat' dir='ltr'>deca-nus</span> <span class='ocrx_word' id='word_1_66' title='bbox 872 3251 1031 3339; x_wconf 83' lang='lat' dir='ltr'>praestitit</span> <span class='ocrx_word' id='word_1_67' title='bbox 1063 3272 1159 3339; x_wconf 88' lang='lat' dir='ltr'>quam</span> <span class='ocrx_word' id='word_1_68' title='bbox 1190 3252 1230 3316; x_wconf 92' lang='lat' dir='ltr'>iis</span> <span class='ocrx_word' id='word_1_69' title='bbox 1261 3254 1317 3339; x_wconf 91' lang='lat' dir='ltr'>qui</span> <span class='ocrx_word' id='word_1_70' title='bbox 1345 3275 1432 3319; x_wconf 89' lang='lat' dir='ltr'>nunc</span> 
     </span>
     <span class='ocr_line' id='line_1_9' title="bbox 234 3382 1432 3475; baseline -0.001 -20"><span class='ocrx_word' id='word_1_71' title='bbox 234 3388 339 3455; x_wconf 88' lang='lat' dir='ltr'>eidem</span> <span class='ocrx_word' id='word_1_72' title='bbox 361 3388 467 3455; x_wconf 78' lang='lat' dir='ltr'>ordini</span> <span class='ocrx_word' id='word_1_73' title='bbox 490 3386 675 3455; x_wconf 82' lang='lat' dir='ltr'>venerando</span> <span class='ocrx_word' id='word_1_74' title='bbox 699 3386 821 3453; x_wconf 83' lang='lat' dir='ltr'>addicti</span> <span class='ocrx_word' id='word_1_75' title='bbox 841 3386 939 3451; x_wconf 79' lang='lat' dir='ltr'>sunt?</span> <span class='ocrx_word' id='word_1_76' title='bbox 980 3384 1050 3451; x_wconf 88' lang='lat' dir='ltr'>Nec</span> <span class='ocrx_word' id='word_1_77' title='bbox 1073 3384 1194 3469; x_wconf 85' lang='lat' dir='ltr'>dubito,</span> <span class='ocrx_word' id='word_1_78' title='bbox 1216 3382 1250 3451; x_wconf 91' lang='lat' dir='ltr'>id</span> <span class='ocrx_word' id='word_1_79' title='bbox 1266 3386 1352 3475; x_wconf 88' lang='lat' dir='ltr'>quod</span> <span class='ocrx_word' id='word_1_80' title='bbox 1375 3408 1432 3454; x_wconf 87' lang='lat' dir='ltr'>oro</span> 
     </span>
     <span class='ocr_line' id='line_1_10' title="bbox 233 3519 1434 3610; baseline -0.003 -21"><span class='ocrx_word' id='word_1_81' title='bbox 233 3533 330 3610; x_wconf 85' lang='lat' dir='ltr'>atque</span> <span class='ocrx_word' id='word_1_82' title='bbox 358 3521 510 3608; x_wconf 86' lang='lat' dir='ltr'>obsecro,</span> <span class='ocrx_word' id='word_1_83' title='bbox 539 3523 616 3609; x_wconf 88' lang='lat' dir='ltr'>quin</span> <span class='ocrx_word' id='word_1_84' title='bbox 643 3520 728 3587; x_wconf 88' lang='lat' dir='ltr'>bene</span> <span class='ocrx_word' id='word_1_85' title='bbox 751 3520 957 3607; x_wconf 83' lang='lat' dir='ltr'>benigneque</span> <span class='ocrx_word' id='word_1_86' title='bbox 985 3520 1154 3606; x_wconf 85' lang='lat' dir='ltr'>excepturi</span> <span class='ocrx_word' id='word_1_87' title='bbox 1181 3519 1250 3585; x_wconf 87' lang='lat' dir='ltr'>sitis</span> <span class='ocrx_word' id='word_1_88' title='bbox 1279 3541 1362 3607; x_wconf 85' lang='lat' dir='ltr'>quae</span> <span class='ocrx_word' id='word_1_89' title='bbox 1391 3520 1434 3585; x_wconf 87' lang='lat' dir='ltr'>ad</span> 
     </span>
     <span class='ocr_line' id='line_1_11' title="bbox 233 3652 1435 3740; baseline -0.004 -16"><span class='ocrx_word' id='word_1_90' title='bbox 233 3658 301 3724; x_wconf 86' lang='lat' dir='ltr'>Vos</span> <span class='ocrx_word' id='word_1_91' title='bbox 323 3657 428 3724; x_wconf 87' lang='lat' dir='ltr'>mitto:</span> <span class='ocrx_word' id='word_1_92' title='bbox 451 3678 525 3721; x_wconf 87' lang='lat' dir='ltr'>nam</span> <span class='ocrx_word' id='word_1_93' title='bbox 546 3655 644 3721; x_wconf 82' lang='lat' dir='ltr'>totius</span> <span class='ocrx_word' id='word_1_94' title='bbox 661 3652 819 3719; x_wconf 85' lang='lat' dir='ltr'>ecclesiae</span> <span class='ocrx_word' id='word_1_95' title='bbox 835 3653 1046 3740; x_wconf 84' lang='lat' dir='ltr'>evangelicae</span> <span class='ocrx_word' id='word_1_96' title='bbox 1067 3661 1141 3717; x_wconf 88' lang='lat' dir='ltr'>sunt</span> <span class='ocrx_word' id='word_1_97' title='bbox 1162 3672 1263 3739; x_wconf 87' lang='lat' dir='ltr'>opera</span> <span class='ocrx_word' id='word_1_98' title='bbox 1284 3652 1354 3718; x_wconf 82' lang='lat' dir='ltr'>eins</span> <span class='ocrx_word' id='word_1_99' title='bbox 1375 3674 1435 3740; x_wconf 83' lang='lat' dir='ltr'>per</span> 
     </span>
     <span class='ocr_line' id='line_1_12' title="bbox 235 3784 1434 3881; baseline -0.005 -25"><span class='ocrx_word' id='word_1_100' title='bbox 235 3814 330 3881; x_wconf 82' lang='lat' dir='ltr'>quem</span> <span class='ocrx_word' id='word_1_101' title='bbox 351 3792 385 3856; x_wconf 93' lang='lat' dir='ltr'>in</span> <span class='ocrx_word' id='word_1_102' title='bbox 408 3790 541 3856; x_wconf 87' lang='lat' dir='ltr'>Lutheri</span> <span class='ocrx_word' id='word_1_103' title='bbox 563 3790 662 3855; x_wconf 83' lang='lat' dir='ltr'>nostri</span> <span class='ocrx_word' id='word_1_104' title='bbox 686 3788 783 3855; x_wconf 86' lang='lat' dir='ltr'>corde</span> <span class='ocrx_word' id='word_1_105' title='bbox 813 3788 949 3875; x_wconf 84' lang='lat' dir='ltr'>primum</span> <span class='ocrx_word' id='word_1_106' title='bbox 972 3786 1132 3874; x_wconf 85' lang='lat' dir='ltr'>evangelii</span> <span class='ocrx_word' id='word_1_107' title='bbox 1152 3784 1209 3851; x_wconf 86' lang='lat' dir='ltr'>lux</span> <span class='ocrx_word' id='word_1_108' title='bbox 1229 3784 1271 3851; x_wconf 86' lang='lat' dir='ltr'>de</span> <span class='ocrx_word' id='word_1_109' title='bbox 1293 3784 1434 3851; x_wconf 87' lang='lat' dir='ltr'>tenebris</span> 
     </span>
     <span class='ocr_line' id='line_1_13' title="bbox 235 3897 1434 4013; baseline -0.003 -25"><span class='ocrx_word' id='word_1_110' title='bbox 235 3923 506 4013; x_wconf 84' lang='lat' dir='ltr'>exsplendescere</span> <span class='ocrx_word' id='word_1_111' title='bbox 540 3924 663 4011; x_wconf 86' lang='lat' dir='ltr'>coepit,</span> <span class='ocrx_word' id='word_1_112' title='bbox 697 3944 793 4009; x_wconf 91' lang='lat' dir='ltr'>quem</span> <span class='ocrx_word' id='word_1_113' title='bbox 828 3930 860 3987; x_wconf 89' lang='lat' dir='ltr'>et</span> <span class='ocrx_word' id='word_1_114' title='bbox 891 3922 962 4008; x_wconf 84' lang='lat' dir='ltr'>ipsa</span> <span class='ocrx_word' id='word_1_115' title='bbox 990 3942 1118 4008; x_wconf 85' lang='lat' dir='ltr'>semper</span> <span class='ocrx_word' id='word_1_116' title='bbox 1150 3941 1343 4008; x_wconf 85' lang='lat' dir='ltr'>quamquam</span> <span class='ocrx_word' id='word_1_117' title='bbox 1374 3897 1434 3985; x_wconf 80' lang='lat' dir='ltr'>sub</span> 
     </span>
    </p>
   </div>
   <div class='ocr_carea' id='block_1_3' title="bbox 134 4051 1436 4145">
    <p class='ocr_par' dir='ltr' id='par_1_3' title="bbox 134 4051 1436 4145">
     <span class='ocr_line' id='line_1_14' title="bbox 134 4051 1436 4145; baseline -0.004 -22"><span class='ocrx_word' id='word_1_118' title='bbox 134 4052 137 4057; x_wconf 53' lang='grc'>“</span> <span class='ocrx_word' id='word_1_119' title='bbox 184 4090 187 4101; x_wconf 42' lang='grc' dir='ltr'><strong>ν</strong></span> <span class='ocrx_word' id='word_1_120' title='bbox 235 4057 332 4123; x_wconf 89' lang='lat' dir='ltr'>finem</span> <span class='ocrx_word' id='word_1_121' title='bbox 354 4059 440 4123; x_wconf 86' lang='lat' dir='ltr'>vitae</span> <span class='ocrx_word' id='word_1_122' title='bbox 462 4058 704 4145; x_wconf 14' lang='lat' dir='ltr'>*pontificiorum</span> <span class='ocrx_word' id='word_1_123' title='bbox 731 4056 855 4143; x_wconf 85' lang='lat' dir='ltr'>laqueis</span> <span class='ocrx_word' id='word_1_124' title='bbox 883 4056 1088 4123; x_wconf 85' lang='lat' dir='ltr'>constrictum</span> <span class='ocrx_word' id='word_1_125' title='bbox 1115 4054 1148 4120; x_wconf 92' lang='lat' dir='ltr'>in</span> <span class='ocrx_word' id='word_1_126' title='bbox 1169 4075 1302 4120; x_wconf 85' lang='lat' dir='ltr'>numero</span> <span class='ocrx_word' id='word_1_127' title='bbox 1323 4051 1436 4120; x_wconf 89' lang='lat' dir='ltr'>habuit</span> 
     </span>
    </p>
   </div>
   <div class='ocr_carea' id='block_1_4' title="bbox 620 4602 938 4720">
    <p class='ocr_par' dir='ltr' id='par_1_4' title="bbox 620 4602 938 4720">
     <span class='ocr_line' id='line_1_15' title="bbox 620 4602 938 4720; baseline 0.003 -12"><span class='ocrx_word' id='word_1_128' title='bbox 620 4602 938 4720; x_wconf 59' lang='lat' dir='ltr'>difidffissfiss</span> 
     </span>
    </p>
   </div>
   <div class='ocr_carea' id='block_1_5' title="bbox 0 0 1587 4950">
    <p class='ocr_par' dir='ltr' id='par_1_5' title="bbox 0 0 1587 4950">
     <span class='ocr_line' id='line_1_16' title="bbox 0 0 1587 4950; baseline 0 0"><span class='ocrx_word' id='word_1_129' title='bbox 0 0 1587 4950; x_wconf 95' lang='lat' dir='ltr'> </span> 
     </span>
    </p>
   </div>
  </div>
 </body>
</html>
