3134 4950
229 513 297 582 Sed
319 513 477 602 duplicem
500 515 631 582 criticae
655 517 857 584 exercendae
879 519 1037 586 rationem
1059 522 1125 586 inii.
1167 522 1207 588 In
1223 523 1426 593 Germanicis

229 616 313 681 enim
334 613 424 681 libris
445 639 509 682 non
531 618 591 682 nisi
613 617 668 684 uhi
691 618 744 684 vel
772 618 921 685 librarios
942 619 996 686 vel
1024 622 1245 710 typographos
1266 628 1426 693 erravisse

229 714 432 781 manifestum
454 725 533 798 erat,
555 741 587 786 v.
607 741 636 784 c.
658 717 801 805 taibaiftig
823 741 882 805 pro
903 717 1066 807 tuilhufflig,
1089 745 1185 809 quam
1199 725 1305 811 reperi
1321 724 1426 792 ortho-

228 814 396 902 graphiam
417 817 547 899 mutavi,
569 840 666 906 quum
688 839 752 884 non
773 817 870 886 modo
892 819 1044 886 historiae
1071 821 1130 886 sed
1152 823 1248 888 etiam
1270 846 1427 911 gramma-

228 917 311 980 ticae
333 923 461 981 nostrae
491 919 613 983 servire
635 917 711 982 mihi
739 921 978 1006 proposuerim3
1006 919 1062 985 ubi
1089 943 1168 987 vero
1196 921 1259 988 duo
1282 925 1426 990 eiusdem

230 1015 339 1100 scripti
356 1014 559 1102 exemplaria,
580 1016 715 1086 alterum
732 1038 774 1084 ex
789 1017 890 1084 altero
906 1020 1087 1113 repetitam,
1109 1022 1310 1090 recensenda
1326 1035 1426 1110 erant,

229 1113 427 1201 archetypon
449 1115 551 1180 textui
578 1114 700 1180 subieci
721 1114 940 1203 iectiouesque
961 1117 1091 1183 aiterim
1112 1121 1146 1184 in
1173 1120 1323 1188 inferiore
1346 1147 1428 1190 mar-

229 1213 305 1301 gine
330 1215 570 1280 accuratissime
592 1215 752 1282 annotavi.
796 1214 944 1281 inlibris
970 1225 1076 1282 autem
1098 1218 1215 1286 Latina
1242 1219 1351 1308 lingua
1373 1246 1428 1290 ex·

230 1312 343 1393 aratis,
377 1334 511 1400 quorum
544 1314 775 1402 orthographia
807 1314 910 1402 qualis
939 1325 1017 1382 tunc
1047 1316 1143 1384 fuerit
1174 1341 1287 1406 parum
1318 1331 1428 1390 nostra

229 1413 377 1496 interest,
406 1436 469 1478 non
498 1414 627 1502 quidem
654 1414 828 1481 verborum
856 1415 1001 1482 ordinem
1030 1439 1070 1482 ac
1094 1420 1210 1483 seriem
1231 1420 1427 1508 impugnavi,

229 1521 264 1579 at
278 1515 432 1580 rationem
449 1512 612 1579 scribendi
625 1523 754 1580 nostrae
770 1515 994 1592 consuetudini
1015 1517 1267 1601 accommodavi,
1289 1524 1428 1588 auctoris

230 1625 338 1681 tamen
352 1616 565 1702 proprietates
578 1613 700 1703 ubique
721 1616 874 1681 retinens.
896 1615 987 1681 Idem
1002 1616 1079 1680 mihi
1093 1618 1193 1682 semel
1206 1626 1302 1705 atque
1313 1621 1428 1686 iterum

231 1717 350 1803 sumpsi
373 1719 405 1781 in
428 1717 530 1802 signis
557 1717 822 1803 interpunctionis
844 1738 939 1803 quam
962 1726 1080 1783 vocant
1100 1717 1258 1803 ponendis
1284 1720 1429 1786 reiicien-
1543 1750 1552 1769 κ

232 1817 324 1882 dieve
345 1837 429 1904 quae
451 1815 538 1882 nulla
559 1816 672 1902 regula
695 1816 865 1883 observata
885 1816 1031 1882 adhibita
1051 1839 1124 1882 esse
1145 1815 1302 1901 videmus,
1323 1843 1365 1885 ne
1386 1821 1430 1886 le-

232 1919 375 2004 gentium
390 1917 474 1984 oculi
489 1917 619 2005 antiquo
635 1917 796 2004 hodieque
812 1917 937 1984 insolito
952 1917 1124 1983 verborum
1145 1920 1345 2006 partiumque
1360 1941 1429 1986 ora·

232 2020 328 2085 tionis
344 2017 642 2104 distinguendorum
664 2041 753 2084 more
768 2019 863 2083 nimis
878 2017 1089 2083 offendantur.
1123 2017 1176 2082 Ab
1191 2021 1430 2085 annotatiuncu-

232 2121 271 2192 iis
294 2119 433 2207 denique
449 2141 531 2208 quae
547 2119 622 2185 nihii
638 2119 680 2185 ad
695 2121 839 2185 criticam
855 2121 1160 2206 grammaticamque
1183 2121 1345 2206 pertinent
1359 2120 1430 2186 sub-

234 2220 381 2288 texendis
403 2219 485 2286 adeo
508 2219 584 2284 mihi
608 2221 793 2306 temperavi,
815 2229 850 2285 ut
871 2221 985 2284 iustam
1007 2241 1058 2285 me
1074 2222 1340 2307 vituperationem
1355 2222 1430 2286 effu·

234 2345 313 2408 gere
340 2344 436 2409 posse
464 2343 528 2385 non
558 2342 738 2408 sperarem,
772 2323 835 2386 nisi
866 2343 1054 2408 persuasum
1081 2320 1251 2406 haberem,
1284 2323 1316 2385 in
1344 2327 1431 2386 tanta

235 2422 410 2489 litterarum
437 2423 603 2510 iniquitate
630 2443 694 2510 qua
720 2430 831 2489 nostra
858 2431 946 2489 aetas
974 2423 1008 2487 in
1039 2420 1110 2487 dies
1142 2422 1273 2509 gravius
1305 2420 1431 2487 laborat

236 2524 350 2590 melius
366 2545 438 2589 esse
461 2546 559 2611 puros
580 2523 686 2591 fontes
700 2523 787 2589 nude
802 2532 899 2610 atque
915 2523 1042 2588 exiliter
1056 2524 1182 2610 aperire
1197 2543 1293 2609 quam
1312 2543 1430 2607 magno

235 2627 338 2691 nitore
360 2647 398 2690 ac
419 2624 492 2690 fuco
514 2633 645 2691 ornatos
666 2623 844 2689 obstruere.
888 2624 1060 2710 Utcunque
1082 2622 1156 2704 erit,
1182 2620 1304 2687 iuvabit
1324 2630 1432 2687 tamon

235 2726 438 2813 praeceptori
458 2727 559 2791 nostri
574 2724 706 2791 Lutheri
728 2724 1004 2810 praestantissimo
1027 2724 1178 2808 exegisse
1193 2731 1432 2789 monumentum

237 2828 306 2893 eius
327 2825 481 2893 memoria
508 2826 593 2893 haud
615 2824 782 2912 indignum
804 2846 910 2912 neque
932 2846 1072 2911 unquam
1094 2846 1146 2889 me
1175 2824 1352 2911 poenitebit
1374 2846 1431 2911 pro

237 2926 320 2994 virili
340 2937 434 3015 parte
450 2927 578 2993 veritati
599 2924 805 3012 indagandae
828 2922 1033 2992 consuluisse.

586 3226 1091 3276 w
